@article{gao2020application,
  title={The application of stock index price prediction with neural network},
  author={Gao, Penglei and Zhang, Rui and Yang, Xi},
  journal={Mathematical and Computational Applications},
  volume={25},
  number={3},
  pages={53},
  year={2020},
  publisher={MDPI}
}

@inproceedings{binkowski2018autoregressive,
  title={Autoregressive convolutional neural networks for asynchronous time series},
  author={Binkowski, Mikolaj and Marti, Gautier and Donnat, Philippe},
  booktitle={International Conference on Machine Learning},
  pages={580--589},
  year={2018},
  organization={PMLR}
}

@article{shahi2020stock,
  title={Stock price forecasting with deep learning: A comparative study},
  author={Shahi, Tej Bahadur and Shrestha, Ashish and Neupane, Arjun and Guo, William},
  journal={Mathematics},
  volume={8},
  number={9},
  pages={1441},
  year={2020},
  publisher={MDPI}
}

@article{fama1970efficient,
  title={Efficient capital markets},
  author={Fama, Eugene F},
  journal={Journal of finance},
  volume={25},
  number={2},
  pages={383--417},
  year={1970}
}

@article{durotoye2014mint,
  title={The MINT countries as emerging economic power bloc: Prospects and challenges},
  author={Durotoye, Adeolu},
  journal={Developing Country Studies},
  volume={4},
  number={5},
  pages={1--9},
  year={2014},
  publisher={ABUAD eprints}
}

@online{penn,
  title = {Autoregressive Models},
  author = {Simon, Laura and Young, Derek},
  year = {2024},
  url = {https://online.stat.psu.edu/stat501/book/export/html/996},
  urldate = {2024-08-09}
}

@book{lutkepohl2005new,
  title={New Introduction to Multiple Time Series Analysis},
  author={L{\"u}tkepohl, Helmut},
  year={2005},
  publisher={Springer-Verlag}
}

@article{zhang2003time,
  title={Time series forecasting using a hybrid ARIMA and neural network model},
  author={Zhang, G Peter},
  journal={Neurocomputing},
  volume={50},
  pages={159--175},
  year={2003},
  publisher={Elsevier}
}

@book{zivot2006modeling,
  title={Modeling financial time series with S-PLUS},
  author={Zivot, Eric and Wang, Jiahui},
  volume={2},
  year={2006},
  publisher={Springer}
}

@online{World,
  title = {G7},
  author = {World Economics},
  year = {2024},
  url = {https://www.worldeconomics.com/Regions/G7/},
  urldate = {2024-08-07}
}


@online{United,
  title = {World Investment Report},
  author = {United Nations},
  year = {2022},
  url = {https://unctad.org/publication/world-investment-report-2022},
  urldate = {2024-07-01}
}

https://www.businessinsider.com/jim-oneill-presents-the-mint-economies-2013-11

@online{Jim,
  title = {The Economist Who Invented The BRICs Just Invented A Whole New Group Of Countries: The MINTs},
  author = {Boesler, M.},
  year = {2013},
  url = {https://www.businessinsider.com/jim-oneill-presents-the-mint-economies-2013-11},
  urldate = {2024-06-05}
}


@online{Newland,
  title = {The fresh challenge of the MINT countries},
  author = {Newland},
  year = {2014},
  url = {https://newlandchase.com/the-fresh-challenges-of-the-mint-countries-immigration/},
  urldate = {2024-06-19}
}

@online{Nagashybayeva,
  title = {Research guides: MINT: Sources of economic information},
  author = {Nagashybayeva, G.},
  year = {2020},
  url = {https://guides.loc.gov/mexico-indonesia-nigeria-turkey},
  urldate = {2024-08-22}
}

@online{Statista,
  title = {G7 countries' combined gross domestic product (GDP) as share of the world's GDP from 2000 to 2023},
  author = {Dyvik, E.H.},
  year = {2024},
  url = {https://www.statista.com/statistics/1372791/g7-combined-gdp-share-world/},
  urldate = {2024-07-01}
}

@online{Okoroafor,
  title = {MINT: meaning, history and economic overview},
  author = {Okoroafor, R.},
  year = {2024},
  url = {https://www.makemoney.ng/mint},
  urldate = {2024-08-13}
}

@article{zhang2021stock,
  title={Stock market volatility spillovers in G7 and BRIC},
  author={Zhang, Ping and Sha, Yezhou and Xu, Yifan},
  journal={Emerging Markets Finance and Trade},
  volume={57},
  number={7},
  pages={2107--2119},
  year={2021},
  publisher={Taylor \& Francis}
}

@article{siddiqui2023assessing,
  title={Assessing market integration between MINT and developed economies: evidence from dynamic cointegration},
  author={Siddiqui, Saif and Kaur, Rajbeer},
  journal={Business Perspectives and Research},
  pages={22785337231156244},
  year={2023},
  publisher={SAGE Publications Sage India: New Delhi, India}
}

@misc{acharya2020financial,
  title={Financial Vulnerability and Risks to Growth in Emerging Markets (No. w27411)},
  author={Acharya, VV and Bhadury, S and Surti, J},
  year={2020},
  publisher={National Bureau of Economic Research. Retrieved from https://www. nber. org~â€¦}
}

@article{fratzscher2012capital,
  title={Capital flows, push versus pull factors and the global financial crisis},
  author={Fratzscher, Marcel},
  journal={Journal of International Economics},
  volume={88},
  number={2},
  pages={341--356},
  year={2012},
  publisher={Elsevier}
}

@article{tulcanaza2019determinants,
  title={Determinants of stock market performance: VAR and VECM designs in Korea and Japan},
  author={Tulcanaza Prieto, Ana Belen and Lee, Young Hwan},
  journal={Global Business \& Finance Review (GBFR)},
  volume={24},
  number={4},
  pages={24--44},
  year={2019},
  publisher={Seoul: People \& Global Business Association (P\&GBA)}
}

@article{ning2019stock,
  title={Stock price prediction based on error correction model and Granger causality test},
  author={Ning, Yang and Wah, Liu Chun and Erdan, Luo},
  journal={Cluster Computing},
  volume={22},
  pages={4849--4858},
  year={2019},
  publisher={Springer}
}

@article{rahmani2023graph,
  title={Graph neural networks for intelligent transportation systems: A survey},
  author={Rahmani, Saeed and Baghbani, Asiye and Bouguila, Nizar and Patterson, Zachary},
  journal={IEEE Transactions on Intelligent Transportation Systems},
  volume={24},
  number={8},
  pages={8846--8885},
  year={2023},
  publisher={IEEE}
}

@article{chung2014empirical,
  title={Empirical evaluation of gated recurrent neural networks on sequence modeling},
  author={Chung, Junyoung},
  journal={arXiv preprint arXiv:1412.3555},
  year={2014}
}

@article{hochreiter1997long,
  title={Long Short-term Memory},
  author={Hochreiter, S},
  journal={Neural Computation MIT-Press},
  year={1997}
}

@article{bai2018empirical,
  title={An empirical evaluation of generic convolutional and recurrent networks for sequence modeling},
  author={Bai, Shaojie and Kolter, J Zico and Koltun, Vladlen},
  journal={arXiv preprint arXiv:1803.01271},
  year={2018}
}

@article{oord2016wavenet,
  title={Wavenet: A generative model for raw audio},
  author={Oord, Aaron van den and Dieleman, Sander and Zen, Heiga and Simonyan, Karen and Vinyals, Oriol and Graves, Alex and Kalchbrenner, Nal and Senior, Andrew and Kavukcuoglu, Koray},
  journal={arXiv preprint arXiv:1609.03499},
  year={2016}
}

@article{he2022multivariate,
  title={Multivariate time series deep spatiotemporal forecasting with graph neural network},
  author={He, Zichao and Zhao, Chunna and Huang, Yaqun},
  journal={Applied Sciences},
  volume={12},
  number={11},
  pages={5731},
  year={2022},
  publisher={MDPI}
}

@article{liu2022multivariate,
  title={Multivariate time-series forecasting with temporal polynomial graph neural networks},
  author={Liu, Yijing and Liu, Qinxian and Zhang, Jian-Wei and Feng, Haozhe and Wang, Zhongwei and Zhou, Zihan and Chen, Wei},
  journal={Advances in neural information processing systems},
  volume={35},
  pages={19414--19426},
  year={2022}
}

@article{jin2022multivariate,
  title={Multivariate time series forecasting with dynamic graph neural odes},
  author={Jin, Ming and Zheng, Yu and Li, Yuan-Fang and Chen, Siheng and Yang, Bin and Pan, Shirui},
  journal={IEEE Transactions on Knowledge and Data Engineering},
  volume={35},
  number={9},
  pages={9168--9180},
  year={2022},
  publisher={IEEE}
}

@article{chen2022multi,
  title={Multi-channel fusion graph neural network for multivariate time series forecasting},
  author={Chen, Yanzhe and Xie, Zongxia},
  journal={Journal of Computational Science},
  volume={64},
  pages={101862},
  year={2022},
  publisher={Elsevier}
}

@article{cui2021metro,
  title={METRO: a generic graph neural network framework for multivariate time series forecasting},
  author={Cui, Yue and Zheng, Kai and Cui, Dingshan and Xie, Jiandong and Deng, Liwei and Huang, Feiteng and Zhou, Xiaofang},
  journal={Proceedings of the VLDB Endowment},
  volume={15},
  number={2},
  pages={224--236},
  year={2021},
  publisher={VLDB Endowment}
}

@article{chen2023multi,
  title={Multi-scale adaptive graph neural network for multivariate time series forecasting},
  author={Chen, Ling and Chen, Donghui and Shang, Zongjiang and Wu, Binqing and Zheng, Cen and Wen, Bo and Zhang, Wei},
  journal={IEEE Transactions on Knowledge and Data Engineering},
  volume={35},
  number={10},
  pages={10748--10761},
  year={2023},
  publisher={IEEE}
}

@article{tsai2012relationship,
  title={The relationship between stock price index and exchange rate in Asian markets: A quantile regression approach},
  author={Tsai, I-Chun},
  journal={Journal of International Financial Markets, Institutions and Money},
  volume={22},
  number={3},
  pages={609--621},
  year={2012},
  publisher={Elsevier}
}

@article{mensi2014global,
  title={Do global factors impact BRICS stock markets? A quantile regression approach},
  author={Mensi, Walid and Hammoudeh, Shawkat and Reboredo, Juan Carlos and Nguyen, Duc Khuong},
  journal={Emerging Markets Review},
  volume={19},
  pages={1--17},
  year={2014},
  publisher={Elsevier}
}

@inproceedings{cakra2015stock,
  title={Stock price prediction using linear regression based on sentiment analysis},
  author={Cakra, Yahya Eru and Trisedya, Bayu Distiawan},
  booktitle={2015 international conference on advanced computer science and information systems (ICACSIS)},
  pages={147--154},
  year={2015},
  organization={IEEE}
}

@article{chong2017deep,
  title={Deep learning networks for stock market analysis and prediction: Methodology, data representations, and case studies},
  author={Chong, Eunsuk and Han, Chulwoo and Park, Frank C},
  journal={Expert Systems with Applications},
  volume={83},
  pages={187--205},
  year={2017},
  publisher={Elsevier}
}

@article{hiransha2018nse,
  title={NSE stock market prediction using deep-learning models},
  author={Hiransha, MEAG and Gopalakrishnan, E Ab and Menon, Vijay Krishna and Soman, KP},
  journal={Procedia computer science},
  volume={132},
  pages={1351--1362},
  year={2018},
  publisher={Elsevier}
}

@article{cao2020multiobjective,
  title={Multiobjective evolution of fuzzy rough neural network via distributed parallelism for stock prediction},
  author={Cao, Bin and Zhao, Jianwei and Lv, Zhihan and Gu, Yu and Yang, Peng and Halgamuge, Saman K},
  journal={IEEE Transactions on Fuzzy Systems},
  volume={28},
  number={5},
  pages={939--952},
  year={2020},
  publisher={IEEE}
}

@article{nikou2019stock,
  title={Stock price prediction using DEEP learning algorithm and its comparison with machine learning algorithms},
  author={Nikou, Mahla and Mansourfar, Gholamreza and Bagherzadeh, Jamshid},
  journal={Intelligent Systems in Accounting, Finance and Management},
  volume={26},
  number={4},
  pages={164--174},
  year={2019},
  publisher={Wiley Online Library}
}

@techreport{rey2015dilemma,
  title={Dilemma not trilemma: the global financial cycle and monetary policy independence},
  author={Rey, H{\'e}l{\`e}ne},
  year={2015},
  institution={National Bureau of Economic Research}
}

@article{sahoo2015stock,
  title={Stock price prediction using regression analysis},
  author={Sahoo, PK and Charlapally, Krishna},
  journal={International Journal of Scientific \& Engineering Research},
  volume={6},
  number={3},
  pages={1655--1659},
  year={2015}
}

@article{jarrett2011arima,
  title={ARIMA modeling with intervention to forecast and analyze Chinese stock prices},
  author={Jarrett, Jeffrey E and Kyper, Eric},
  journal={International Journal of Engineering Business Management},
  volume={3},
  pages={17},
  year={2011},
  publisher={SAGE Publications Sage UK: London, England}
}

@inproceedings{suharsono2017comparison,
  title={Comparison of vector autoregressive (VAR) and vector error correction models (VECM) for index of ASEAN stock price},
  author={Suharsono, Agus and Aziza, Auliya and Pramesti, Wara},
  booktitle={AIP Conference Proceedings},
  volume={1913},
  number={1},
  year={2017},
  organization={AIP Publishing}
}

@article{ma2018investor,
  title={Investor sentiment and the prediction of stock returns: a quantile regression approach},
  author={Ma, Chaoqun and Xiao, Shisong and Ma, Zonggang},
  journal={Applied Economics},
  volume={50},
  number={50},
  pages={5401--5415},
  year={2018},
  publisher={Taylor \& Francis}
}

@article{izzeldin2019forecasting,
  title={Forecasting realised volatility using ARFIMA and HAR models},
  author={Izzeldin, Marwan and Hassan, M Kabir and Pappas, Vasileios and Tsionas, Mike},
  journal={Quantitative Finance},
  volume={19},
  number={10},
  pages={1627--1638},
  year={2019},
  publisher={Taylor \& Francis}
}

@article{chen2015hybrid,
  title={A hybrid fuzzy time series model based on granular computing for stock price forecasting},
  author={Chen, Mu-Yen and Chen, Bo-Tsuen},
  journal={Information Sciences},
  volume={294},
  pages={227--241},
  year={2015},
  publisher={Elsevier}
}

@article{karazmodeh2013stock,
  title={Stock price forecasting using support vector machines and improved particle swarm optimization},
  author={Karazmodeh, M and Nasiri, S and Hashemi, S Majid},
  journal={Journal of Automation and control engineering},
  volume={1},
  number={2},
  pages={173--176},
  year={2013}
}

@article{alkhatib2022new,
  title={A new stock price forecasting method using active deep learning approach},
  author={Alkhatib, Khalid and Khazaleh, Huthaifa and Alkhazaleh, Hamzah Ali and Alsoud, Anas Ratib and Abualigah, Laith},
  journal={Journal of Open Innovation: Technology, Market, and Complexity},
  volume={8},
  number={2},
  pages={96},
  year={2022},
  publisher={MDPI}
}

@article{nasiri2023multi,
  title={Multi-step-ahead stock price prediction using recurrent fuzzy neural network and variational mode decomposition},
  author={Nasiri, Hamid and Ebadzadeh, Mohammad Mehdi},
  journal={Applied Soft Computing},
  volume={148},
  pages={110867},
  year={2023},
  publisher={Elsevier}
}

@article{cheng2010hybrid,
  title={A hybrid model based on rough sets theory and genetic algorithms for stock price forecasting},
  author={Cheng, Ching-Hsue and Chen, Tai-Liang and Wei, Liang-Ying},
  journal={Information Sciences},
  volume={180},
  number={9},
  pages={1610--1629},
  year={2010},
  publisher={Elsevier}
}

@article{hargreaves2020stock,
  title={Stock Prediction Using Deep Learning with Long-Short-Term-Memory Networks},
  author={Hargreaves, Carol Anne and Leran, Chen},
  journal={International Journal of Electronic Engineering and Computer Science},
  volume={5},
  number={3},
  pages={22--32},
  year={2020}
}

@inproceedings{setiani2021prediction,
  title={Prediction of banking stock prices using naive bayes method},
  author={Setiani, Ida and Tentua, Meilany Nonsi and Oyama, Sunggito},
  booktitle={Journal of physics: Conference series},
  volume={1823},
  number={1},
  pages={012059},
  year={2021},
  organization={IOP Publishing}
}

@article{pahlawan2021stock,
  title={Stock price forecast of macro-economic factor using recurrent neural network},
  author={Pahlawan, M Reza and Riksakomara, Edwin and Tyasnurita, Raras and Muklason, Ahmad and Mahananto, Faizal and Vinarti, Retno A},
  journal={IAES International Journal of Artificial Intelligence},
  volume={10},
  number={1},
  pages={74},
  year={2021},
  publisher={IAES Institute of Advanced Engineering and Science}
}

@inproceedings{deng2019knowledge,
  title={Knowledge-driven stock trend prediction and explanation via temporal convolutional network},
  author={Deng, Shumin and Zhang, Ningyu and Zhang, Wen and Chen, Jiaoyan and Pan, Jeff Z and Chen, Huajun},
  booktitle={Companion proceedings of the 2019 world wide web conference},
  pages={678--685},
  year={2019}
}

@article{long2020integrated,
  title={An integrated framework of deep learning and knowledge graph for prediction of stock price trend: An application in Chinese stock exchange market},
  author={Long, Jiawei and Chen, Zhaopeng and He, Weibing and Wu, Taiyu and Ren, Jiangtao},
  journal={Applied Soft Computing},
  volume={91},
  pages={106205},
  year={2020},
  publisher={Elsevier}
}

@inproceedings{sawhney2020spatiotemporal,
  title={Spatiotemporal hypergraph convolution network for stock movement forecasting},
  author={Sawhney, Ramit and Agarwal, Shivam and Wadhwa, Arnav and Shah, Rajiv Ratn},
  booktitle={2020 IEEE International Conference on Data Mining (ICDM)},
  pages={482--491},
  year={2020},
  organization={IEEE}
}

@inproceedings{sawhney2020deep,
  title={Deep attentive learning for stock movement prediction from social media text and company correlations},
  author={Sawhney, Ramit and Agarwal, Shivam and Wadhwa, Arnav and Shah, Rajiv},
  booktitle={Proceedings of the 2020 Conference on Empirical Methods in Natural Language Processing (EMNLP)},
  pages={8415--8426},
  year={2020}
}

@article{chen2021novel,
  title={A novel graph convolutional feature based convolutional neural network for stock trend prediction},
  author={Chen, Wei and Jiang, Manrui and Zhang, Wei-Guo and Chen, Zhensong},
  journal={Information Sciences},
  volume={556},
  pages={67--94},
  year={2021},
  publisher={Elsevier}
}

@article{hou2021st,
  title={St-trader: A spatial-temporal deep neural network for modeling stock market movement},
  author={Hou, Xiurui and Wang, Kai and Zhong, Cheng and Wei, Zhi},
  journal={IEEE/CAA Journal of Automatica Sinica},
  volume={8},
  number={5},
  pages={1015--1024},
  year={2021},
  publisher={IEEE}
}

@inproceedings{sawhney2021exploring,
  title={Exploring the scale-free nature of stock markets: Hyperbolic graph learning for algorithmic trading},
  author={Sawhney, Ramit and Agarwal, Shivam and Wadhwa, Arnav and Shah, Rajiv},
  booktitle={Proceedings of the Web Conference 2021},
  pages={11--22},
  year={2021}
}

@inproceedings{wu2020connecting,
  title={Connecting the dots: Multivariate time series forecasting with graph neural networks},
  author={Wu, Zonghan and Pan, Shirui and Long, Guodong and Jiang, Jing and Chang, Xiaojun and Zhang, Chengqi},
  booktitle={Proceedings of the 26th ACM SIGKDD international conference on knowledge discovery \& data mining},
  pages={753--763},
  year={2020}
}

@book{hamilton2020graph,
  title={Graph representation learning},
  author={Hamilton, William L},
  year={2020},
  publisher={Morgan \& Claypool Publishers}
}

@book{prince2023understanding,
  title={Understanding deep learning},
  author={Prince, Simon JD},
  year={2023},
  publisher={MIT press}
}

@book{dynamic,
  title={Comprehensive Guide to Dynamic Time Warping in Python},
  author={Gulzar, Hafiz Muhammad},
  year={2018},
  publisher={Lambert Academic Publishing}
}

@inproceedings{chen2020multi,
  title={Multi-range attentive bicomponent graph convolutional network for traffic forecasting},
  author={Chen, Weiqi and Chen, Ling and Xie, Yu and Cao, Wei and Gao, Yusong and Feng, Xiaojie},
  booktitle={Proceedings of the AAAI conference on artificial intelligence},
  volume={34},
  number={04},
  pages={3529--3536},
  year={2020}
}

@article{li2017diffusion,
  title={Diffusion convolutional recurrent neural network: Data-driven traffic forecasting},
  author={Li, Yaguang and Yu, Rose and Shahabi, Cyrus and Liu, Yan},
  journal={arXiv preprint arXiv:1707.01926},
  year={2017}
}

@article{wu2019graph,
  title={Graph wavenet for deep spatial-temporal graph modeling},
  author={Wu, Zonghan and Pan, Shirui and Long, Guodong and Jiang, Jing and Zhang, Chengqi},
  journal={arXiv preprint arXiv:1906.00121},
  year={2019}
}

@article{yu2017spatio,
  title={Spatio-temporal graph convolutional networks: A deep learning framework for traffic forecasting},
  author={Yu, Bing and Yin, Haoteng and Zhu, Zhanxing},
  journal={arXiv preprint arXiv:1709.04875},
  year={2017}
}

@inproceedings{zheng2020gman,
  title={Gman: A graph multi-attention network for traffic prediction},
  author={Zheng, Chuanpan and Fan, Xiaoliang and Wang, Cheng and Qi, Jianzhong},
  booktitle={Proceedings of the AAAI conference on artificial intelligence},
  volume={34},
  number={01},
  pages={1234--1241},
  year={2020}
}

@inproceedings{seo2018structured,
  title={Structured sequence modeling with graph convolutional recurrent networks},
  author={Seo, Youngjoo and Defferrard, Micha{\"e}l and Vandergheynst, Pierre and Bresson, Xavier},
  booktitle={Neural Information Processing: 25th International Conference, ICONIP 2018, Siem Reap, Cambodia, December 13-16, 2018, Proceedings, Part I 25},
  pages={362--373},
  year={2018},
  organization={Springer}
}

@inproceedings{yan2018spatial,
  title={Spatial temporal graph convolutional networks for skeleton-based action recognition},
  author={Yan, Sijie and Xiong, Yuanjun and Lin, Dahua},
  booktitle={Proceedings of the AAAI conference on artificial intelligence},
  volume={32},
  number={1},
  year={2018}
}
@article{muller2007dynamic,
  title={Dynamic time warping in information retrieval for music and motion},
  author={Muller, Meinard},
  journal={Dynamic time warping Information retrieval for music and motion},
  pages={69--84},
  year={2007}
}

@inproceedings{lai2018modeling,
  title={Modeling long-and short-term temporal patterns with deep neural networks},
  author={Lai, Guokun and Chang, Wei-Cheng and Yang, Yiming and Liu, Hanxiao},
  booktitle={The 41st international ACM SIGIR conference on research \& development in information retrieval},
  pages={95--104},
  year={2018}
}

@article{shih2019temporal,
  title={Temporal pattern attention for multivariate time series forecasting},
  author={Shih, Shun-Yao and Sun, Fan-Keng and Lee, Hung-yi},
  journal={Machine Learning},
  volume={108},
  pages={1421--1441},
  year={2019},
  publisher={Springer}
}

@article{JMLR:v23:21-1177,
  author  = {Julien Herzen and Francesco LÃƒÂ¤ssig and Samuele Giuliano Piazzetta and Thomas Neuer and LÃƒÂ©o Tafti and Guillaume Raille and Tomas Van Pottelbergh and Marek Pasieka and Andrzej Skrodzki and Nicolas Huguenin and Maxime Dumonal and Jan KoÃ…â€ºcisz and Dennis Bader and FrÃƒÂ©dÃƒÂ©rick Gusset and Mounir Benheddi and Camila Williamson and Michal Kosinski and Matej Petrik and GaÃƒÂ«l Grosch},
  title   = {Darts: User-Friendly Modern Machine Learning for Time Series},
  journal = {Journal of Machine Learning Research},
  year    = {2022},
  volume  = {23},
  number  = {124},
  pages   = {1-6},
  url     = {http://jmlr.org/papers/v23/21-1177.html}
}

@inproceedings{lea2017temporal,
  title={Temporal convolutional networks for action segmentation and detection},
  author={Lea, Colin and Flynn, Michael D and Vidal, Rene and Reiter, Austin and Hager, Gregory D},
  booktitle={proceedings of the IEEE Conference on Computer Vision and Pattern Recognition},
  pages={156--165},
  year={2017}
}

@article{cho2014learning,
  title={Learning phrase representations using RNN encoder-decoder for statistical machine translation},
  author={Cho, Kyunghyun},
  journal={arXiv preprint arXiv:1406.1078},
  year={2014}
}

@online{yfinance,
  title = {Yahoo Finance},
  author = {Yahoo},
  url = {https://finance.yahoo.com/},
  urldate = {2024-08-29}
}

@online{investing,
  title = {Investing.com},
  author = {Investing},
  url = {https://www.investing.com/},
  urldate = {2024-08-29}
}